@book{c1,
    title = {Computer Systems: A Programmer's Perspective},
    author = {Randal Bryant, David O'Hallaron},
    year = {2015},
    publisher = {Pearson}
}

@misc{c2,
  author = {{Remzi H. Arpaci-Dusseau and Andrea C. Arpaci-Dusseau }},
  year = {n.d.},
  title = {Operating Systems: Three Easy Pieces, Locks},
  note = {Accessed December 14, 2022.  \url{https://pages.cs.wisc.edu/~remzi/OSTEP/threads-locks.pdf}}
}
